@online{usdot2023,
  author = {{United States Department of Transport}},
  title = {Download Page},
  year = {2023},
  url = {https://www.transtats.bts.gov/DL_SelectFields.asp?gnoyr_VQ=FGJ&Q0_fu146_anzr=b0-gvzr},
}

@misc{parquet,
  title = {Apache Parquet},
  howpublished = {Apache Software Foundation},
  year = {2024},
  url = {https://parquet.apache.org/},
  note = {Accessed: 2024-03-23}
}

@inproceedings{36632,title	= {Dremel: Interactive Analysis of Web-Scale Datasets},author	= {Sergey Melnik and Andrey Gubarev and Jing Jing Long and Geoffrey Romer and Shiva Shivakumar and Matt Tolton and Theo Vassilakis},year	= {2010},URL	= {http://www.vldb2010.org/accept.htm},booktitle	= {Proc. of the 36th Int'l Conf on Very Large Data Bases},pages	= {330-339}}

@misc{Databricks, 
  title={What is Parquet?},
  howpublished={Databricks},
  url={https://www.databricks.com/glossary/what-is-parquet}, journal={Databricks}} 
